<record><leader>00000cas a22000007a 4500</leader><controlfield tag="001">21389915</controlfield><controlfield tag="008">900418d19291934mouwr ne      0    0eng d</controlfield><datafield ind1=" " ind2=" " tag="010"><subfield code="a">sn 90061372 </subfield></datafield><datafield ind1=" " ind2=" " tag="040"><subfield code="a">MQN</subfield><subfield code="b">eng</subfield><subfield code="c">MQN</subfield><subfield code="d">OCLCQ</subfield><subfield code="d">DLC</subfield></datafield><datafield ind1=" " ind2=" " tag="042"><subfield code="a">msc</subfield></datafield><datafield ind1="0" ind2="0" tag="245"><subfield code="a">Weekly independent and Potosi journal.</subfield></datafield><datafield ind1=" " ind2=" " tag="260"><subfield code="a">Potosi, Mo. :</subfield><subfield code="b">Henry C. Bell,</subfield><subfield code="c">1929-1934.</subfield></datafield><datafield ind1=" " ind2=" " tag="300"><subfield code="a">v.</subfield></datafield><datafield ind1=" " ind2=" " tag="310"><subfield code="a">Weekly</subfield></datafield><datafield ind1="0" ind2=" " tag="362"><subfield code="a">Vol. 57, no. 8 (Jan. 31, 1929)-v. 57, no. 14 (Mar. 14, 1929) ; 57th year, no. 15 (Mar. 21, 1929)-62nd year, no. 7 (Jan. 18, 1934).</subfield></datafield><datafield ind1=" " ind2=" " tag="515"><subfield code="a">Continues numbering of: Weekly independent (Potosi, Mo. : 1873).</subfield></datafield><datafield ind1=" " ind2=" " tag="752"><subfield code="a">United States</subfield><subfield code="b">Missouri</subfield><subfield code="c">Washington</subfield><subfield code="d">Potosi.</subfield></datafield><datafield ind1="0" ind2="4" tag="780"><subfield code="t">Weekly independent (Potosi, Mo. : 1873)</subfield><subfield code="w">(DLC)sn 85034065</subfield></datafield><datafield ind1="0" ind2="4" tag="780"><subfield code="t">Potosi journal</subfield><subfield code="x">2378-6787</subfield><subfield code="w">(DLC)sn 90061371</subfield><subfield code="w">(OCoLC)21389901</subfield></datafield><datafield ind1="0" ind2="0" tag="785"><subfield code="t">Independent-journal (Potosi, Mo.)</subfield><subfield code="w">(DLC)sn 90061373</subfield></datafield></record>